@manual{kitware2003,
  title = {The Visualization Toolkit User's Guide},
  organization = {Kitware, Inc.},
  year = {2003},
  month = {January}
}

@misc{AIGAMEDEV,
 author = {Alex J. Champandard},
 title = {Procedural Characters and the Coming Animation Technology Revolution},
 howpublished = {\url{http://aigamedev.com/open/editorial/animation-revolutionaaaaaaaaaaaaaaaaaaaaaaaaaaaaaaaaaaaaaaaaaaaaaaaaaaaaaaaaaaaaaaaaaaaaaaaaaaaaaaaaaaaaaaaaaaaaaaaaaaaaaaaaaaaaaaa/}},
 note = {Acesso em: 19 mai. 2021.}
}

@misc{notes2002,
  author = {Georges Grinstein and Daniel Keim and Matthew Ward},
  title = {Information Visualization, Visual Data Mining, and Its Application to Drug Design},
  howpublished = {IEEE Visualization 2002 Course \#1 Notes},
  month = {October},
  year = {2002}
}

@article{Max:1995:OMF,
  author = "Nelson Max",
  title = "Optical models for direct volume rendering",
  year = "1995",
  month = jun,
  journal = "IEEE Transactions on Visualization and Computer
    Graphics",
  volume = "1",
  number = "2",
  pages = "99--108",
}

@book{ware:2004:IVP,
  author = "Colin Ware",
  title = "Information Visualization: Perception for Design",
  edition = "second",
  year = 2004,
  publisher = "Morgan Kaufmann Publishers",
}

@mastersthesis{kindlmann:1999:SAG,
  author = "Gordon Kindlmann",
  title = "Semi-Automatic Generation of Transfer Functions for Direct Volume Rendering",
  school = "Cornell University",
  year = 1999,
}

@phdthesis{levoy:1989:DSV,
  author = "Marc Levoy",
  title = "Display of Surfaces from Volume Data",
  school = "University of North Carolina at Chapel Hill",
  year = 1989,
}

@INPROCEEDINGS{Alavesa2017a, 
author={P. {Alavesa} and O. {Korhonen} and J. {Sepponen} and M. {Martinviita} and M. {Abdrado} and M. {Pakanen} and T. {Koskela} and M. {Pouke}}, 
booktitle={2017 9th International Conference on Virtual Worlds and Games for Serious Applications (VS-Games)}, 
title={Janitor run: Studying the effects of realistic mirror world like game scenes on game experience}, 
year={2017}, 
volume={}, 
number={}, 
pages={179-180}, 
keywords={computer games;realistic images;solid modelling;Janitor run;game scene;realistic 3D models;racing game prototype set;Janitor Run;game-play;building interiors;building exteriors;game experience;campus model;Games;Three-dimensional displays;Solid modeling;Buildings;Game design;Mirror worlds;Game experience;User study}, 
doi={10.1109/VS-GAMES.2017.8056595}, 
ISSN={2474-0489}, 
month={Sep.},}

@inproceedings{Marson2010,
  author = "William E. Lorensen and Harvey E. Cline",
  title = "Marching Cubes: A High Resolution 3D Surface Construction Algorithm",
  year = "1987",
  month = jul,
  booktitle = "Computer Graphics (Proceedings of SIGGRAPH 87)",
  volume = 21,
  pages = "163--169",
}

@inproceedings{Nielson:1991:TAD,
  author = "Gregory M. Nielson and Bernd Hamann",
  title = "The Asymptotic Decider: Removing the Ambiguity in Marching Cubes",
  year = "1991",
  booktitle = "Visualization '91",
  pages = "83--91",
}

@TWEET{stacey2011,
       author={Blake Stacey},
       authorid={blakestacey},
       year={2011},
       month={July},
       day={25},
       tweetid={95521600597786624},
       tweetcontent={I find it hard to tell, in some 
                     areas of science, whether I am 
                     a radical or a curmudgeon.}}